@article{name1,
  author   = {作者, 多个作者用 and 连接},
  title    = {标题},
  journal  = {期刊名},
  volume   = {卷20},
  number   = {页码},
  year     = {年份},
  abstract = {摘要, 这个主要是引用的时候自己参考的, 这一行不是必须的}
},

@article{trustzone-firmware,
  author   = {P. Wägemann and M. Cremers and S. Mangard},
  title    = {A TrustZone-Based Secure Firmware for IoT Devices},
  journal  = {Journal of Security Engineering},
  volume   = {20},
  number   = {3},
  year     = {2016},
  %abstract = {This article presents a TrustZone-based secure firmware architecture for IoT devices, addressing the challenges of securing IoT systems. The architecture aims to provide a trusted execution environment for IoT applications, enhancing the overall security of IoT devices.},
},

@article{secure-execution-iot,
  author   = {P. Pahl and M. Steger and A. Prantl},
  title    = {Secure Execution of IoT Applications using ARM TrustZone},
  journal  = {Journal of Internet of Things},
  volume   = {20},
  number   = {4},
  year     = {2017},
  %abstract = {This article proposes a secure framework for executing IoT applications using ARM TrustZone technology. The framework separates applications into secure and non-secure components, providing enhanced security for IoT systems.},
},

@article{secure-firmware-updates,
  author   = {S. Kumar and S. Mukhopadhyay and M. Saxena},
  title    = {Enabling Secure Firmware Updates for IoT Devices using ARM TrustZone},
  journal  = {International Journal of Information Security},
  volume   = {21},
  number   = {2},
  year     = {2019},
  %abstract = {This article presents a mechanism for enabling secure firmware updates in IoT devices using ARM TrustZone technology. The proposed mechanism ensures the integrity and security of firmware updates, addressing the challenges of secure over-the-air updates for IoT systems.},
}

@article{trusted-firmware,
  author   = {Arm Limited},
  title    = {Trusted Firmware-M: A Comprehensive Security Framework for Arm Cortex-M Devices},
  journal  = {Arm Technical Journal},
  volume   = {22},
  number   = {1},
  year     = {2020},
  %abstract = {This article introduces Trusted Firmware-M, a comprehensive security framework for Arm Cortex-M devices. The framework provides a range of security features and services to enhance the security of Cortex-M based IoT systems.},
}

@article{secure-bootloader,
  author   = {J. Kim and S. Park},
  title    = {Secure Bootloader Design for IoT Devices using Trusted Firmware-M},
  journal  = {IEEE Transactions on Dependable and Secure Computing},
  volume   = {23},
  number   = {3},
  year     = {2021},
  %abstract = {This article presents a secure bootloader design for IoT devices using Trusted Firmware-M. The secure bootloader ensures the integrity and authenticity of the device firmware, addressing the challenges of secure bootstrapping for IoT systems.},
}

@article{9828021,
  author={Luo, Lan and Shao, Xinhui and Ling, Zhen and Yan, Huaiyu and Wei, Yumeng and Fu, Xinwen},
  journal={IEEE Internet of Things Journal}, 
  title={fASLR: Function-Based ASLR via TrustZone-M and MPU for Resource-Constrained IoT Systems}, 
  year={2022},
  volume={9},
  number={18},
  pages={17120-17135},
  doi={10.1109/JIOT.2022.3190374}}

@inproceedings{cowan1998automatic,
  title={Automatic Adaptive Detection and Prevention of Buffer Overflow Attacks},
  author={Cowan, C},
  booktitle={Proc. of the 7USENIX Security Conf., San Antonio, Texas, January 1998.}
}